<?xml version="1.0" encoding="UTF-8"?><collection><record><leader>05695ntm a2200541 a 4500</leader><controlfield tag="001">006080204</controlfield><controlfield tag="003">MiAaHDL</controlfield><controlfield tag="005">20190719000000.0</controlfield><controlfield tag="006">m        d        </controlfield><controlfield tag="007">cr bn ---auaua</controlfield><controlfield tag="008">090414s17uu    xx            00| ||ara d</controlfield><datafield tag="035" ind1=" " ind2=" "><subfield code="a">(MiU)006080204</subfield></datafield><datafield tag="035" ind1=" " ind2=" "><subfield code="a">sdr-miu006080204</subfield></datafield><datafield tag="040" ind1=" " ind2=" "><subfield code="a">MiU</subfield><subfield code="c">MiU</subfield><subfield code="e">amremm</subfield></datafield><datafield tag="043" ind1=" " ind2=" "><subfield code="a">n-us-mi</subfield></datafield><datafield tag="100" ind1="1" ind2=" "><subfield code="6">880-01</subfield><subfield code="a">Maḥbūbī, ʻUbayd Allāh ibn Masʻūd,</subfield><subfield code="d">-1346 or 1347.</subfield></datafield><datafield tag="240" ind1="1" ind2="0"><subfield code="6">880-02</subfield><subfield code="a">Tawḍīḥ fī ḥall ghawāmiḍ al-Tanqīḥ</subfield></datafield><datafield tag="245" ind1="1" ind2="3"><subfield code="6">880-03</subfield><subfield code="a">[al-Tawḍīḥ ʻalá al-Tanqīḥ fī al-Uṣūl,</subfield><subfield code="f">18th century].</subfield></datafield><datafield tag="260" ind1=" " ind2=" "><subfield code="c">[17--]</subfield></datafield><datafield tag="300" ind1=" " ind2=" "><subfield code="a">148 leaves :</subfield><subfield code="b">paper ;</subfield><subfield code="c">218 x 168 (140 x 73) mm. bound to 218 x 173 mm.</subfield></datafield><datafield tag="500" ind1=" " ind2=" "><subfield code="a">Shelfmark: Ann Arbor, University of Michigan, Special Collections Library, Isl. Ms. 76</subfield></datafield><datafield tag="500" ind1=" " ind2=" "><subfield code="a">Origin: Lacks dated colophon but paper would suggest 18th century.</subfield></datafield><datafield tag="500" ind1=" " ind2=" "><subfield code="a">Accompanying materials: Two small slips with excerpts in black ink (paginated pp.67-68 and pp.69-70).</subfield></datafield><datafield tag="500" ind1=" " ind2=" "><subfield code="a">Former shelfmark: British Museum, London "No. 40. Commentary on Usul al-fikh."</subfield></datafield><datafield tag="500" ind1=" " ind2=" "><subfield code="a">Binding: Pasteboards faced in block-printed paper (floral design, for best view see envelope flap) with spine and edges/turn-ins in red brown leather (paper faced, leather edged, framed binding) ; Type II binding (with flap) ; board linings in laid European paper ; sewn in cream thread, two stations ; endbands nearly gone, only core and primaries remain ; in poor condition with much abrasion, staining, cracking and lifting of leather along fore-edge flap ; boards delaminating ; minor pest damage.</subfield></datafield><datafield tag="500" ind1=" " ind2=" "><subfield code="a">Support: European laid paper, a few types ; quires bearing text in perhaps two papers, watermarks present but difficult to examine, laid lines vertical with roughly 10 laid lines per cm., chain lines spaced roughly 26-28 mm. apart ; blank quires in still a different European paper with watermark lion rampant in shield/scrollwork with crown above and "F C A" below, 22-23 mm. between horizontal chain lines, laid lines spaced roughly 13 per cm., highly burnished and medium thickness ; fourth to final quire (single bifolium) bears watermark "FIN DE ... 1742" comparable to Heawood 3265.</subfield></datafield><datafield tag="500" ind1=" " ind2=" "><subfield code="a">Decoration: Text rubricated with keywords, overlining, etc. in red.</subfield></datafield><datafield tag="500" ind1=" " ind2=" "><subfield code="a">Script: Nastaʻlīq (talik) ; elegant Ottoman hand ; characteristically serifless with effect of gentle slant to the left, slight effect of words descending to baseline, contrasting thickness in horizontal strokes compared to vertical, initial hāʼ looking like to two inverted commas, pointing (for two and three dots) in strokes rather than distinct dots.</subfield></datafield><datafield tag="500" ind1=" " ind2=" "><subfield code="a">Layout: Written in 23 lines per page ; frame-ruled (impression of ruling board evident).</subfield></datafield><datafield tag="500" ind1=" " ind2=" "><subfield code="a">Collation: V (10), V+1 (21), 3 V(51), IV (59), 6 V(119), I (121), V (131), VI (143), III-1 (148) ; chiefly quinions ; text ends in fifth quire from end with final leaves of that quire ruled but left blank ; final four quires also blank ; final word of the last line of each verso repeated at the beginning of the top line of the recto of the following leaf ; pagination in pencil, Western numerals, supplied during digitization (includes inserts).</subfield></datafield><datafield tag="500" ind1=" " ind2=" "><subfield code="a">Explicit: "فالخليل لما خاف الاشتباه والتلبيس على القوم انتقل الى ملة اخرى لا يكون فيها اشتباه اصلا والثالث كقولنا"</subfield></datafield><datafield tag="500" ind1=" " ind2=" "><subfield code="a">Incipit: "حامدا لله تعالى اولا وثانيا ولعنان الثناء اليه ثانيا وعلى افضل رسله مصليا وفي حيلته الصلوات مجليا ومصليا وبعد فان العبد المتوسل الى الله تعالى باقوى الذريعة عبيد الله بن مسعود بن تاج الشريعة سعد جده وانجح جده يقول لما وقفني الله تعالى بتاليف تنقيح الاصول اردت ان اشرح مشكلاته وافتح مغلقاته ..."</subfield></datafield><datafield tag="500" ind1=" " ind2=" "><subfield code="a">Title supplied by cataloguer.</subfield></datafield><datafield tag="500" ind1=" " ind2=" "><subfield code="a">Ms. codex.</subfield></datafield><datafield tag="505" ind1="0" ind2=" "><subfield code="a">2. fol.116b-fol.148b : [blank].</subfield></datafield><datafield tag="505" ind1="0" ind2=" "><subfield code="a">1. fol.1b-fol.116a : al-Tawḍīḥ [incomplete].</subfield></datafield><datafield tag="520" ind1="8" ind2=" "><subfield code="a">Fine copy of the author's commentary on his Tanqīḥ al-Uṣūl, on the principles of jurisprudence. Incomplete ; ends abruptly with final quires left blank.</subfield></datafield><datafield tag="538" ind1=" " ind2=" "><subfield code="a">Mode of access: Internet.</subfield></datafield><datafield tag="541" ind1=" " ind2=" "><subfield code="c">Purchase ;</subfield><subfield code="a">Acquired by purchase along with Abdul Hamid Collection (funds donated by Horace Rackham).</subfield><subfield code="d">1924.</subfield></datafield><datafield tag="546" ind1=" " ind2=" "><subfield code="a">Arabic.</subfield></datafield><datafield tag="561" ind1=" " ind2=" "><subfield code="a">Bookplate of British Museum, London on inner front cover, "From the British Museum, London. No. 40. Commentary on Usul al-fikh." ; circular seal impression with figure of goat/gazelle in purple ink as well as inscription "350" in Western numerals on fol.1a (p.1) ; also on fol.1a (p.1) waqf statement reads "قد وقفت وقفا صحيحا لا يباع ولا يرهن فمن بدله بعد ما سمعه فانما اثمه على الذين يبدلونه" with "استعيذ بالله" ; occasional marginal corrections in hand of copyist.</subfield></datafield><datafield tag="600" ind1="1" ind2="0"><subfield code="a">Maḥbūbī, ʻUbayd Allāh ibn Masʻūd,</subfield><subfield code="d">-1346 or 1347.</subfield><subfield code="t">Tanqīḥ al-uṣūl.</subfield></datafield><datafield tag="650" ind1=" " ind2="0"><subfield code="a">Manuscripts, Arabic</subfield><subfield code="z">Michigan</subfield><subfield code="z">Ann Arbor.</subfield></datafield><datafield tag="650" ind1=" " ind2="0"><subfield code="a">Islamic law</subfield><subfield code="x">Interpretation and construction</subfield><subfield code="v">Early works to 1800.</subfield></datafield><datafield tag="773" ind1="0" ind2=" "><subfield code="a">Tiflis Collection.</subfield></datafield><datafield tag="880" ind1="1" ind2="2"><subfield code="6">245-03/</subfield><subfield code="a">[التوضيح على التنقيح في الأصول,</subfield><subfield code="f">القرن 18م].</subfield></datafield><datafield tag="880" ind1="1" ind2="0"><subfield code="6">240-02/</subfield><subfield code="a">توضيح في حل غوامض التنقيح</subfield></datafield><datafield tag="880" ind1="1" ind2=" "><subfield code="6">100-01/</subfield><subfield code="a">محبوبي، عبيد الله بن مسعود.</subfield></datafield><datafield tag="CID" ind1=" " ind2=" "><subfield code="a">006080204</subfield></datafield><datafield tag="DAT" ind1="0" ind2=" "><subfield code="a">20190719102634.0</subfield><subfield code="b">20190719000000.0</subfield></datafield><datafield tag="DAT" ind1="1" ind2=" "><subfield code="a">20190719090653.0</subfield><subfield code="b">2019-07-19T16:11:15Z</subfield></datafield><datafield tag="DAT" ind1="2" ind2=" "><subfield code="a">2015-10-02T18:00:03Z</subfield></datafield><datafield tag="CAT" ind1=" " ind2=" "><subfield code="a">SDR-MIU</subfield><subfield code="d">EX LIBRIS - ALEPH</subfield><subfield code="l">prepare.pl-004-008</subfield></datafield><datafield tag="FMT" ind1=" " ind2=" "><subfield code="a">BK</subfield></datafield><datafield tag="HOL" ind1=" " ind2=" "><subfield code="0">sdr-miu006080204</subfield><subfield code="a">MiU</subfield><subfield code="b">SDR</subfield><subfield code="c">MIU</subfield><subfield code="p">mdp.39015079124924</subfield><subfield code="s">MIU</subfield><subfield code="1">006080204</subfield></datafield><datafield tag="974" ind1=" " ind2=" "><subfield code="b">MIU</subfield><subfield code="c">MIU</subfield><subfield code="d">20190719</subfield><subfield code="s">lit-dlps-dc</subfield><subfield code="u">mdp.39015079124924</subfield><subfield code="y">1799</subfield><subfield code="r">pd</subfield><subfield code="q">bib</subfield><subfield code="t">non-US bib date1 &lt; 1879</subfield></datafield></record></collection>